<record xmlns="http://www.loc.gov/MARC21/slim" xmlns:xsi="http://www.w3.org/2001/XMLSchema-instance" xsi:schemaLocation="http://www.loc.gov/MARC21/slim http://www.loc.gov/standards/marcxml/schema/MARC21slim.xsd">

  <leader>00705ngm a2200205   4500</leader>
  <controlfield tag="003">cru INIE</controlfield>
  <controlfield tag="005">20160916110354.0</controlfield>
  <controlfield tag="008">160916b2015    mx ||||| |||| 00| 0 spa d</controlfield>
  <datafield ind1=" " tag="040" ind2=" ">
    <subfield code="a">cru INIE</subfield>
  </datafield>
  <datafield ind2=" " tag="090" ind1=" ">
    <subfield code="a">CD #274</subfield>
  </datafield>
  <datafield tag="110" ind1=" " ind2=" ">
    <subfield code="9">1985</subfield>
    <subfield code="a">Universidad Nacional Autónoma de México. Centro de Investigaciones Interdisciplinarias en Ciencias y Humanidades. Departamento de Producción Audiovisual y Multimedia</subfield>
  </datafield>
  <datafield tag="245" ind1="1" ind2="0">
    <subfield code="a">Patricia Arés Muzio</subfield>
  </datafield>
  <datafield ind2=" " tag="260" ind1=" ">
    <subfield code="a">México:</subfield>
    <subfield code="b">CEIICH-UNAM,</subfield>
    <subfield code="c">2015</subfield>
  </datafield>
  <datafield tag="300" ind1=" " ind2=" ">
    <subfield code="a">1 Videodisco (32 min.);</subfield>
    <subfield code="b">sonoro</subfield>
  </datafield>
  <datafield ind1=" " tag="490" ind2=" ">
    <subfield code="a">Trayectorias de Académicas Cubanas</subfield>
  </datafield>
  <datafield tag="600" ind1=" " ind2="0">
    <subfield code="9">1999</subfield>
    <subfield code="a">ARÉS MUZIO, PATRICIA</subfield>
  </datafield>
  <datafield ind2="4" ind1="1" tag="650">
    <subfield code="9">968</subfield>
    <subfield code="a">BIOGRAFÍAS</subfield>
  </datafield>
  <datafield ind1="1" tag="650" ind2="4">
    <subfield code="9">55</subfield>
    <subfield code="a">MUJERES</subfield>
  </datafield>
  <datafield tag="942" ind1=" " ind2=" ">
    <subfield code="2">z</subfield>
    <subfield code="c">08</subfield>
  </datafield>
  <datafield tag="999" ind1=" " ind2=" ">
    <subfield code="c">3318</subfield>
    <subfield code="d">3318</subfield>
  </datafield>
</record>